@book{Scott2015,
  usera     = {SPA Design and Architectur},
  keyword   = {primary},
  author    = {Emmit A. Scott, Jr.},
  year      = {2015},
  title     = {SPA Design and Architectur, Understanding single-page web applications},
  location  = {Shelter Island, NY 11964},
  edition   = {1},
  publisher = {Manning Publications Co.},
  isbn      = {978-1617292439}
}

@book{Robbins2018,
  usera     = {Learning Web Design},
  keyword   = {primary},
  author    = {Robbins, Jennifer Niederst},
  year      = {2018},
  title     = {Learning Web Design},
  location  = {Sebastopol, CA},
  edition   = {5},
  publisher = {O'Reilly Media},
  isbn      = {978-1491960202}
}

@book{Balzert.2008,
  usera     = {Wissenschaftliches Arbeiten},
  keyword   = {primary},
  author    = {Balzert, Helmut and Bendisch, Roman and Kern, Uwe and others},
  year      = {2008},
  title     = {Wissenschaftliches Arbeiten: Wissenschaft, Quellen, Artefakte, Organisation, Pr{\"a}sentation},
  location  = {Herdecke [u.a.]},
  publisher = {W3L-Verl.},
  isbn      = {978-3937137599},
  series    = {Soft skills}
}



@article{conf/ecis/BrockeSNRPC09,
  author  = {vom Brocke, Jan and others},
  usera   = {Reconstructing the giant},
  pages   = {2206-2217},
  journal = {{In Proceedings of the 17th European Conference on Information Systems (ECIS) (9)}},
  title   = {Reconstructing the giant: On the importance of rigour in documenting the literature search process.},
  volume  = {40},
  number  = {3},
  year    = {2009},
  isbn    = {978-88-6129-391-5}
}

@online{Google2009,
  usera   = {Speed Matters},
  author  = {{Jake Brutlag, Google Inc.}},
  title   = {{Speed Matters}},
  url     = {https://ai.googleblog.com/2009/06/speed-matters.html},
  urldate = {2023-08-11},
  year    = {2009}
}
